@article{tensor_touch_2025,
  title={TensorTouch: Calibration of Tactile Sensors for High-Resolution Stress and Deformation Inference},
  author={Zhang, Y. and Kim, J. and Liu, S.},
  journal={arXiv preprint arXiv:2506.08291},
  year={2025},
  url={https://arxiv.org/html/2506.08291v1}
}

@article{grip_2025,
  title={GRIP: A General Robotic Incremental Potential Contact Model for Stress-Aware Manipulation},
  author={Li, C. and Tan, Z. and Wang, H.},
  journal={arXiv preprint arXiv:2503.05020},
  year={2025},
  url={https://arxiv.org/pdf/2503.05020}
}

@article{hardware_triaxial_2024,
  title={Hardware Implementation for Triaxial Contact-Force Estimation in Tactile Sensor Arrays},
  author={Park, D. and Yamamoto, T. and Chen, L.},
  journal={Sensors},
  volume={24},
  number={23},
  pages={7829},
  year={2024},
  publisher={MDPI},
  url={https://www.mdpi.com/1424-8220/24/23/7829}
}

@article{tactile_interaction_2024,
  title={Interaction Force Estimation for Tactile Sensor Arrays: Toward Tactile-Based Interaction Control for Robotic Fingers},
  author={Shimojo, M. and Okada, K. and Inaba, M.},
  journal={arXiv preprint arXiv:2411.13335},
  year={2024},
  url={https://arxiv.org/abs/2411.13335}
}

@article{neural_fem_contact_2023,
  title={A Neural Network Finite Element Method for Contact Mechanics},
  author={Kumar, R. and Zhang, H. and Darve, E.},
  journal={Computational Mechanics},
  year={2023},
  publisher={Springer},
  url={https://www.researchgate.net/publication/375692771_A_Neural_Network_Finite_Element_Method_for_Contact_Mechanics}
}

@article{triaxial_forces_2023,
  title={Estimation of Triaxial Forces from Normal-Stress Tactile Sensor Arrays},
  author={Ito, K. and Sato, Y. and Fujii, T.},
  journal={Engineering Applications of Artificial Intelligence},
  volume={121},
  pages={106138},
  year={2023},
  publisher={Elsevier},
  url={https://www.sciencedirect.com/science/article/pii/S0957415823001265}
}

@article{finray_force_2021,
  title={A Deep Learning Method for Vision-Based Force Prediction of a Soft Fin Ray Gripper},
  author={Della Santina, C. and Katzschmann, R. and Rus, D.},
  journal={IEEE Robotics and Automation Letters},
  volume={6},
  number={3},
  pages={5193--5200},
  year={2021},
  doi={10.1109/LRA.2021.3072152},
  url={https://pubmed.ncbi.nlm.nih.gov/34113655/}
}

@article{cnn_stress_2018,
  title={A Deep Learning Approach to Estimate Stress Distribution in Arterial Walls},
  author={Wu, J. and Tang, D.},
  journal={Journal of The Royal Society Interface},
  volume={15},
  number={140},
  pages={20170844},
  year={2018},
  doi={10.1098/rsif.2017.0844},
  url={https://royalsocietypublishing.org/doi/10.1098/rsif.2017.0844}
}

@article{survey_tactile_2009,
  title={Survey of Visual and Force/Tactile Control of Robots},
  author={Cannata, G. and Maggiali, M.},
  journal={Sensors},
  volume={8},
  number={5},
  pages={3471--3537},
  year={2009},
  doi={10.3390/s8053471},
  url={https://pmc.ncbi.nlm.nih.gov/articles/PMC3267194/}
}

@book{howe_tactile_1994,
  title={Tactile Sensing and Control of Robotic Manipulation},
  author={Howe, R. D.},
  year={1994},
  publisher={Harvard Biorobotics Laboratory},
  url={https://www.biorobotics.harvard.edu/pubs/1994/tac-manip.pdf}
}
