%序論
@article{rain_increase_kato2022,
title={アメダス3時間積算降水量でみた集中豪雨事例発生頻度の過去45年間の経年変化},
author={加藤 輝之},
journal={天気},
volume={69},
number={5},
pages={247-252},
year={2022},

}
%既往
@article{mas,
  title={未来の社会システムを支えるマルチエージェントシステム研究(1) : 経済パラダイム,交渉エージェント,交通マネジメント(特集 エージェント)},
  author={伊藤 孝行 and 金森 亮 and チャクラボルティ シャンタヌ and 大塚 孝信 and 原 圭佑},
  journal={人工知能},
  volume={28},
  number={3},
  pages={360-369},
  year={2013},
}
@article{basic_simulator,
  title={地震時の緊急避難行動を予測するシミュレーション手法の開発に関する基礎的研究},
  author={堀宗朗 and 犬飼洋平 and 小国健二 and 市村強},
  journal={社会技術研究論文集},
  volume={3},
  pages={138--145},
  year={2005},
  publisher={社会技術研究会}
}
@phdthesis{kawasaki_doctor,
  author={川崎 順二},
  title="個別要素法型群集行動モデルの高度化による水中避難行動シミュレ－タの開発に関する研究",
  school="京都大学",
  year="2021",
  URL="https://ci.nii.ac.jp/naid/500001477569"
}
@article{not_ca,
  title={地域性を考慮した広域災害避難シミュレーションのためのマルチエージェントモデル},
  author={村木 雄二 and 狩野 均},
  journal={人工知能学会論文誌},
  volume={22},
  number={4},
  pages={416-424},
  year={2007},
}
@article{杉浦啓太2015最適配置問題とエージェントシミュレーションを利用する建物内の最適誘導法の研究,
  title={最適配置問題とエージェントシミュレーションを利用する建物内の最適誘導法の研究},
  author={杉浦啓太 and 荒川雅裕},
  journal={システム制御情報学会論文誌},
  volume={28},
  number={5},
  pages={213--220},
  year={2015},
  publisher={一般社団法人 システム制御情報学会}
}
@article{abuku,
    title={メッシュモデルによる避難シミュレーションシステムの開発と地下空間浸水時の避難に対する適用性},
    author={安福健祐 and 阿部浩和 and 山内一晃 and 吉田勝行},
    journal={日本建築学会計画系論文集},
    volume={70},
    number={589},
    pages={123--128},
    year={2005},
    publisher={日本建築学会}
}
@article{dem,
    title={Discussion: a discrete numerical model for granular assemblies},
    author={Cundall, PA and Strack, ODL},
    journal={Geotechnique},
    volume={30},
    number={3},
    pages={331--336},
    year={1980},
    publisher={Thomas Telford Ltd}
}
@article{mps,
    title={Moving-particle semi-implicit method for fragmentation of incompressible fluid},
    author={Koshizuka, Seiichi and Oka, Yoshiaki},
    journal={Nuclear science and engineering},
    volume={123},
    number={3},
    pages={421--434},
    year={1996},
    publisher={Taylor \& Francis}
}
@book{gotoh,
    title={粒子法: 連続体・混相流・粒状体のための計算科学},
    author={後藤仁志},
    year={2018},
    publisher={森北出版}
}
@article{gotoh-mpshs,
    title={Modified moving particle semi-implicit methods for the prediction of 2D wave impact pressure},
    author={Khayyer, Abbas and Gotoh, Hitoshi},
    journal={Coastal Engineering},
    volume={56},
    number={4},
    pages={419--440},
    year={2009},
    publisher={Elsevier}
}
@article{gotoh-mpshs2,
    title={粒子法における圧力擾乱低減のための CMPS-HS 法の提案},
    author={後藤仁志},
    journal={海岸工学論文集},
    volume={55},
    pages={16--20},
    year={2008},
    publisher={Japan Society of Civil Engineers}
}
@article{gotoh-mpshshl,
    title={A higher order Laplacian model for enhancement and stabilization of pressure calculation by the MPS method},
    author={Khayyer, Abbas and Gotoh, Hitoshi},
    journal={Applied Ocean Research},
    volume={32},
    number={1},
    pages={124--131},
    year={2010},
    publisher={Elsevier}
}
@article{gotoh-stability-huadams,
    title={A constant-density approach for incompressible multi-phase SPH},
    author={Hu, XY and Adams, Nikolaus A},
    journal={Journal of Computational Physics},
    volume={228},
    number={6},
    pages={2082--2091},
    year={2009},
    publisher={Elsevier}
}
@article{gotoh-stability-kondokoshizuka,
    title={Improvement of stability in moving particle semi-implicit method},
    author={Kondo, Masahiro and Koshizuka, Seiichi},
    journal={International Journal for Numerical Methods in Fluids},
    volume={65},
    number={6},
    pages={638--654},
    year={2011},
    publisher={Wiley Online Library}
}
@article{gotoh-stability-khayyer,
    title={Enhancement of stability and accuracy of the moving particle semi-implicit method},
    author={Khayyer, Abbas and Gotoh, Hitoshi},
    journal={Journal of Computational Physics},
    volume={230},
    number={8},
    pages={3093--3118},
    year={2011},
    publisher={Elsevier}
}
@article{gotoh-gc,
    title={A short note on dynamic stabilization of moving particle semi-implicit method},
    author={Tsuruta, Naoki and Khayyer, Abbas and Gotoh, Hitoshi},
    journal={Computers \& Fluids},
    volume={82},
    pages={158--164},
    year={2013},
    publisher={Elsevier}
}
@article{gotoh-demmps,
    title={固液混相流解析のための DEM-MPS 連成手法の提案},
    author={後藤仁志 and 鶴田修己 and 原田英治 and 五十里洋行 and 久保田博貴},
    journal={土木学会論文集 B2 (海岸工学)},
    volume={68},
    number={2},
    pages={I\_21--I\_25},
    year={2012},
    publisher={公益社団法人 土木学会}
}
@article{baba,
    title={実物大模型を用いた地下浸水時の避難困難度に関する実験的研究},
    author={馬場康之 and 石垣泰輔 and 戸田圭一 and 中川一},
    journal={土木学会論文集 F2 (地下空間研究)},
    volume={67},
    number={1},
    pages={12--27},
    year={2011},
    publisher={公益社団法人 土木学会}
}
@article{fuji,
    title={DEM-MPS 法を用いた浸水時避難の水中歩行モデルの改良},
    author={藤井琢也},
    journal={京都大学大学院 工学研究科社会基盤工学専攻 修士論文},
    volume={-},
    number={-},
    pages={-},
    year={2018},
    publisher={}
}
@article{shibutani,
    title={浸水避難シミュレーションの改善のための歩行速度関数の提案},
    author={澁谷晃生},
    journal={京都大学工学部地球工学科土木工学コース 卒業論文},
    volume={-},
    number={-},
    pages={-},
    year={2018},
    publisher={}
}
@article{haruna,
    title={海岸公園からの群集避難シミュレーション},
    author={春名 慧},
    journal={京都大学大学院 工学研究科 社会基盤工学専攻 修士論文},
    volume={-},
    number={-},
    pages={-},
    year={2019},
    publisher={}
}
@article{smac,
    title={A simplified MAC technique for incompressible fluid flow calculations},
    author={Amsden, Anthony A and Harlow, Francis H},
    journal={Journal of computational physics},
    volume={6},
    number={2},
    pages={322--325},
    year={1970},
    publisher={Elsevier}
}
@article{humandata,
    title={日本人人体寸法データベース1997-98},
    author={河内まき子 and 持丸正明 and 岩澤洋 and 三谷誠二},
    journal={通商産業省工業技術院くらしとJISセンター},
    volume={H16PRO},
    number={},
    pages={287},
    year={2000},
    publisher={}
}
@article{gotoh-hinan,
    title={個別要素法型群衆行動モデルによる津波時の避難シミュレーション},
    author={後藤仁志 and 原田英治 and 久保有希 and 酒井哲郎},
    journal={海岸工学論文集},
    volume={51},
    pages={1261--1265},
    year={2004},
    publisher={公益社団法人 土木学会}
}
@article{harada-hinan,
    title={群集歩行シミュレータのための歩行行動モデルの改善},
    author={原田英治 and 後藤仁志 and 安藤栄祐},
    journal={第30回交通工学研究発表会論文集},
    volume={-},
    pages={333--336},
    year={2010},
    publisher={-}
}
@article{sakai,
    title={Numerical simulation of sheetflow as granular material},
    author={Gotoh, Hitoshi and Sakai, Tetsuo},
    journal={Journal of waterway, port, coastal, and ocean engineering},
    volume={123},
    number={6},
    pages={329--336},
    year={1997},
    publisher={American Society of Civil Engineers}
}
@article{kiyono,
    title={被災時の群集避難行動シミュレーションへの個別要素法の適用について},
    author={清野純史 and 三浦房紀 and 瀧本浩一},
    journal={土木学会論文集},
    volume = {1996},
    number={537},
    pages={233--244},
    year={1996},
    publisher={公益社団法人 土木学会}
}
@article{kiyono2,
    title={個別要素法を用いた被災時の避難行動シミュレーション},
    author={清野純史 and 三浦房紀 and 八木宏晃},
    journal={土木学会論文集},
    volume={1998},
    number={591},
    pages={365--378},
    year={1998},
    publisher={Japan Society of Civil Engineers}
}
@book{handbook,
    title={交通工学ハンドブック2001 CD-ROM版},
    author={交通工学ハンドブック改訂委員会},
    year={2001},
    publisher={社団法人交通工学研究会}
}
@article{helbing,
    title={Self-organized pedestrian crowd dynamics: Experiments, simulations, and design solutions},
    author={Helbing, Dirk and Buzna, Lubos and Johansson, Anders and Werner, Torsten},
    journal={Transportation science},
    volume={39},
    number={1},
    pages={1--24},
    year={2005},
    publisher={INFORMS}
}
@article{asano,
    title={先読み行動を考慮した歩行者交通流シミュレーション},
    author={浅野美帆 and 桑原雅夫},
    journal={東北大学　生産研究},
    volume={59},
    number={3},
    pages={184--187},
    year={2007},
    publisher={東北大学}
}
@article{gotoh2012simulation,
    title={Simulation of pedestrian contra-flow by multi-agent DEM model with self-evasive action model},
    author={Gotoh, Hitoshi and Harada, Eiji and Andoh, Eisuke},
    journal={Safety science},
    volume={50},
    number={2},
    pages={326--332},
    year={2012},
    publisher={Elsevier}
}
@article{konbu,
    title={回避行動開始点の判定と前方回避距離: 歩行者の回避行動に関する研究 (II)},
    author={建部謙治 and 辻本誠 and 志田弘二},
    journal={日本建築学会計画系論文集},
    volume={59},
    number={465},
    pages={95--104},
    year={1994},
    publisher={日本建築学会}
}
@book{lowvision,
    title={ロービジョン関連用語ガイドライン},
    author={日本ロービジョン学会用語委員会},
    year={2016},
    publisher={https://www.jslrr.org/low-vision/guideline\#section3-4（入手 2022.1.12）}
}
@article{bone,
    title={Skin them bones: Game programming for the web generation},
    author={Lander, Jeff},
    journal={Game Developer Magazine},
    volume={5},
    number={1},
    pages={10--18},
    year={1998}
}
@article{gotoh-highorder,
    title={圧力擾乱抑制のための高精度粒子法の展開 (非線形波動現象の数理と応用)},
    author={後藤仁志},
    journal={数理解析研究所講究録},
    volume={1890},
    pages={192--199},
    year={2014},
    publisher={京都大学数理解析研究所}
}
@book{gotoh-nagare,
    title={流れの方程式},
    author={後藤仁志},
    year={2022},
    publisher={森北出版}
}
@misc{kokkou_gesui,
  title={気候変動を踏まえた下水道による都市浸水対策の推進について 提言},
    year={2020},
  author={国土交通省}
}
@misc{attribute_ministory_person_trip,
    author = {国土交通省中部地方整備局中京都市圏交通計画協議会},
    title = {第５回中京都市圏パーソントリップ調査},
    howpublished = {\url{https://www.cbr.mlit.go.jp/kikaku/chukyo-pt/persontrip/p01.html}},
    month = {},
    year = {},
    note = {(Accessed on 01/17/2024)}
}
@article{attribute_speed,
    title={避難行動シミュレーションに基づく地下街の安全性評価},
    author={清野 純史 and 土岐 憲三 and 犬飼 信広 and 竹内 徹},
    journal={土木学会論文集},
    volume={2001},
    number={689},
    pages={31-43},
    year={2001},
}
%shortest
@article{kemloh2012modeling,
    title={Modeling the dynamic route choice of pedestrians to assess the criticality of building evacuation},
    author={KEMLOH WAGOUM, ARMEL ULRICH and Seyfried, Armin and Holl, Stefan},
    journal={Advances in Complex Systems},
    volume={15},
    number={07},
    pages={1250029},
    year={2012},
    publisher={World Scientific}
}
@inproceedings{interactive_navigation,
    author = {van den Berg, Jur and Patil, Sachin and Sewall, Jason and Manocha, Dinesh and Lin, Ming},
    year = {2008},
    month = {02},
    pages = {139-147},
    title = {Interactive navigation of multiple agents in crowded environments},
    journal = {Proceedings of the Symposium on Interactive 3D Graphics and Games, I3D 2008},
}
@article{rouy1992viscosity,
  title={A viscosity solutions approach to shape-from-shading},
  author={Rouy, Elisabeth and Tourin, Agnes},
  journal={SIAM Journal on Numerical Analysis},
  volume={29},
  number={3},
  pages={867--884},
  year={1992},
  publisher={SIAM}
}
@article{gibou2018review,
  title={A review of level-set methods and some recent applications},
  author={Gibou, Frederic and Fedkiw, Ronald and Osher, Stanley},
  journal={Journal of Computational Physics},
  volume={353},
  pages={82--109},
  year={2018},
  publisher={Elsevier}
}
%Velocity Obstacles
@article{moussaid2011simple,
  title={How simple rules determine pedestrian behavior and crowd disasters},
  author={Moussa{\"\i}d, Mehdi and Helbing, Dirk and Theraulaz, Guy},
  journal={Proceedings of the National Academy of Sciences},
  volume={108},
  number={17},
  pages={6884--6888},
  year={2011},
  publisher={National Acad Sciences}
}
@article{moussaid2009experimental,
  title={Experimental study of the behavioural mechanisms underlying self-organization in human crowds},
  author={Moussa{\"\i}d, Mehdi and Helbing, Dirk and Garnier, Simon and Johansson, Anders and Combe, Maud and Theraulaz, Guy},
  journal={Proceedings of the Royal Society B: Biological Sciences},
  volume={276},
  number={1668},
  pages={2755--2762},
  year={2009},
  publisher={The Royal Society London}
}
@article{fiorini1998motion,
   title={Motion planning in dynamic environments using velocity obstacles},
   author={Fiorini, Paolo and Shiller, Zvi},
   journal={The international journal of robotics research},
   volume={17},
   number={7},
   pages={760--772},
   year={1998},
   publisher={Sage Publications Sage CA: Thousand Oaks, CA}
 }
 //eye
 @article{foulsham2011and,
   title={The where, what and when of gaze allocation in the lab and the natural environment},
   author={Foulsham, Tom and Walker, Esther and Kingstone, Alan},
   journal={Vision research},
   volume={51},
   number={17},
   pages={1920--1931},
   year={2011},
   publisher={Elsevier}
 }
 @article{davoudian2012pedestrians,
   title={What do pedestrians look at at night?},
   author={Davoudian, Navaz and Raynham, Peter},
   journal={Lighting Research \& Technology},
   volume={44},
   number={4},
   pages={438--448},
   year={2012},
   publisher={Sage Publications Sage UK: London, England}
 }
 @article{fotios2015using,
   title={Using eye-tracking to identify pedestrians’ critical visual tasks, Part 1. Dual task approach},
   author={Fotios, Steve and Uttley, Jim and Cheal, C and Hara, N},
   journal={Lighting research \& technology},
   volume={47},
   number={2},
   pages={133--148},
   year={2015},
   publisher={Sage Publications Sage UK: London, England}
 }
 @article{fotios2015using2,
   title={Using eye-tracking to identify pedestrians’ critical visual tasks. Part 2. Fixation on pedestrians},
   author={Fotios, Steve and Uttley, Jim and Yang, B},
   journal={Lighting Research \& Technology},
   volume={47},
   number={2},
   pages={149--160},
   year={2015},
   publisher={Sage Publications Sage UK: London, England}
 }
 @article{柳沢豊2006視線に基づくサブゴール決定過程を取り入れた歩行者モデル,
   title={視線に基づくサブゴール決定過程を取り入れた歩行者モデル},
   author={柳沢豊 and 山田辰美 and 平田圭二 and 佐藤哲司 and others},
   journal={情報処理学会論文誌},
   volume={47},
   number={7},
   pages={2160--2167},
   year={2006}
 }