@inproceedings{esser2021taming,
  title={Taming transformers for high-resolution image synthesis},
  author={Esser, Patrick and Rombach, Robin and Ommer, Bjorn},
  booktitle={Proceedings of the IEEE/CVF conference on computer vision and pattern recognition},
  pages={12873--12883},
  year={2021}
}